@online{nutzungeinesbrowsersshopeigenerapp_06.08.2019,
 author = {Statista},
 year = {11.07.18},
 title = {{Nutzen Sie beim mobilen Onlineshopping eher den Browser oder eine shopeigene App? [Graph]}},
 url = {https://de-statista-com.eaccess.ub.tum.de/prognosen/879501/umfrage-zur-nutzung-eines-browsers-shopeigener-app-beim-onlineshopping},
 urldate = {2019-08-06},
 abstract = {Diese Daten zeigen das Ergebnis einer Umfrage in Deutschland zur Nutzung eines Browsers/shopeigener App beim Onlineshopping. Im Jahr 2018 gaben rund 40 Prozent der Befragten an, dass sie fast immer einen Browser zum Onlineshopping nutzen.}
}